<?xml version="1.0" encoding="UTF-8"?><collection xmlns="http://www.loc.gov/MARC21/slim"><record><leader>00458nam--2200157-i-4500</leader><controlfield tag="001">000003840</controlfield><controlfield tag="002">20161230</controlfield><controlfield tag="005">20170209231508</controlfield><controlfield tag="008">060222s1000------------r-----000-0-eng-d</controlfield><datafield ind1=" " ind2=" " tag="100"><subfield code="a">Brodovici, N. V</subfield></datafield><datafield ind1=" " ind2=" " tag="245"><subfield code="a">Metoda combinata de sudura autogena sub presiu ne a metalelor. Traducere din limba rusa</subfield></datafield><datafield ind1=" " ind2=" " tag="260"><subfield code="a">Bucuresti</subfield><subfield code="b">Editura Cailor Ferate</subfield><subfield code="c">1953</subfield></datafield><datafield ind1=" " ind2=" " tag="300"><subfield code="a">77 p</subfield></datafield><datafield ind1=" " ind2=" " tag="700"><subfield code="a">Lozbenicov, A. G</subfield></datafield><datafield ind1=" " ind2=" " tag="852"><subfield code="a">621.791.5</subfield></datafield><datafield ind1=" " ind2=" " tag="CAT"><subfield code="a">SYS</subfield><subfield code="c">20170209</subfield><subfield code="h">231508</subfield></datafield></record></collection>